@misc{tsroadmap,
  author = {Hejlsberg, Anders and Rosenwasser, Daniel and Hegazy, Mohamed},
  title = {{TypeScript Roadmap}},
  howpublished = "\url{https://github.com/Microsoft/TypeScript/wiki/Roadmap}",
  year = {2017},
  note = "[Online; aufgerufen am 2. Februar 2017]"
}
@misc{ts20-beta,
  author = {Rosenwasser, Daniel},
  title = {{Announcing TypeScript 2.0 Beta}},
  howpublished = "\url{https://blogs.msdn.microsoft.com/typescript/2016/07/11/announcing-typescript-2-0-beta/}",
  year = {2016},
  note = "[Online; aufgerufen am 12. Februar 2017]"
}
@misc{ts20-rc,
  author = {Rosenwasser, Daniel},
  title = {{Announcing TypeScript 2.0 RC}},
  howpublished = "\url{https://blogs.msdn.microsoft.com/typescript/2016/08/30/announcing-typescript-2-0-rc/}",
  year = {2016},
  note = "[Online; aufgerufen am 12. Februar 2017]"
}
@misc{ts20-rtm,
  author = {Rosenwasser, Daniel},
  title = {{TypeScript 2.0 is now available!}},
  howpublished = "\url{https://blogs.msdn.microsoft.com/typescript/2016/09/22/announcing-typescript-2-0/}",
  year = {2016},
  note = "[Online; aufgerufen am 12. Februar 2017]"
}
@misc{ts20-non-nullable,
  author = {Hejlsberg, Anders},
  title = {{Non-nullable types}},
  howpublished = "\url{https://github.com/Microsoft/TypeScript/pull/7140}",
  year = {2016},
  note = "[Online; aufgerufen am 6. Februar 2017]"
}

@misc{ts-design-goals,
  author = {Cavanaugh, Ryan},
  title = {{TypeScript Design Goals}},
  howpublished = "\url{https://github.com/Microsoft/TypeScript/wiki/TypeScript-Design-Goals}",
  year = {2014},
  note = "[Online; aufgerufen am 10. Februar 2017]"
}
@misc{ts22-rc,
  author = {Rosenwasser, Daniel},
  title = {{Announcing TypeScript 2.2 RC}},
  howpublished = "\url{https://blogs.msdn.microsoft.com/typescript/2017/02/02/announcing-typescript-2-2-rc/}",
  year = {2017},
  note = "[Online; aufgerufen am 3. Februar 2017]"
}
@misc{ts22-anders,
  author = {Hejlsberg, Anders and Juarez, Seth},
  title = {{Anders Hejlsberg on TypeScript 2}},
  howpublished = "\url{https://channel9.msdn.com/Blogs/Seth-Juarez/Anders-Hejlsberg-on-TypeScript-2}",
  year = {2016},
  note = "[Online; aufgerufen am 13. Februar 2017]"
}
@misc{ts-whats-new,
  author = {Hejlsberg, Anders and Rosenwasser, Daniel and Hegazy, Mohamed},
  title = {{What's new in TypeScript}},
  howpublished = "\url{https://github.com/Microsoft/TypeScript/wiki/What%27s-new-in-TypeScript}",
  year = {2017},
  note = "[Online; aufgerufen am 13. Februar 2017]"
}
@misc{js-package-managers,
  author = {Farmer, Andrew H.},
  title = {{Guide to JavaScript frontend package managers}},
  howpublished = "\url{http://andrewhfarmer.com/javascript-frontend-package-managers/}",
  year = {2015},
  note = "[Online; aufgerufen am 20. Februar 2017]"
}
@misc{tsd-github,
  author = {Yankov, Boris},
  title = {{TypeScript Definition manager for DefinitelyTyped}},
  howpublished = "\url{https://github.com/DefinitelyTyped/tsd}",
  year = {2016},
  note = "[Online; aufgerufen am 20. Februar 2017]"
}
@misc{typings-github,
  author = {Embrey, Blake},
  title = {{The TypeScript Definition Manager}},
  howpublished = "\url{https://github.com/typings/typings}",
  year = {2017},
  note = "[Online; aufgerufen am 20. Februar 2017]"
}
@misc{ts-handbook-publishing,
  author = {{Microsoft, Inc}},
  title = {{Publishing}},
  howpublished = "\url{https://www.typescriptlang.org/docs/handbook/declaration-files/publishing.html}",
  year = {2017},
  note = "[Online; aufgerufen am 22. Februar 2017]"
}
@misc{ts-handbook-ts-20,
  author = {{Microsoft, Inc}},
  title = {{TypeScript Handbook -- TypeScript 2.0}},
  howpublished = "\url{https://www.typescriptlang.org/docs/handbook/release-notes/typescript-2-0.html}",
  year = {2017},
  note = "[Online; aufgerufen am 16. M채rz 2017]"
}
@misc{types-publisher,
  author = {{Microsoft, Inc}},
  title = {{Types-Publisher}},
  howpublished = "\url{https://github.com/Microsoft/types-publisher}",
  year = {2017},
  note = "[Online; aufgerufen am 22. Februar 2017]"
}
@misc{dt,
  author = {{DefinitelyTyped Community}},
  title = {{DefinitelyTyped}},
  howpublished = "\url{https://github.com/DefinitelyTyped/DefinitelyTyped}",
  year = {2017},
  note = "[Online; aufgerufen am 22. Februar 2017]"
}
@misc{es-proposals,
  author = {{Repository-Contributors}},
  title = {{ECMAScript Proposals}},
  howpublished = "\url{https://github.com/tc39/proposals}",
  year = {2017},
  note = "[Online; aufgerufen am 3. M채rz 2017]"
}
@misc{polymorphic-this,
  author = {{Hejlsberg, Anders}},
  title = {{Polymorphic 'this' type}},
  howpublished = "\url{https://github.com/Microsoft/TypeScript/pull/4910}",
  year = {2015},
  note = "[Online; aufgerufen am 12. M채rz 2017]"
}
@misc{ms-mapped-types,
  author = {{Schulz, Marius}},
  title = {{TypeScript 2.1: Mapped Types}},
  howpublished = "\url{https://blog.mariusschulz.com/2017/01/20/typescript-2-1-mapped-types}",
  year = {2017},
  note = "[Online; aufgerufen am 16. M채rz 2017]"
}
